---
---
Research
=========

@article{jekyll1885schizo,
  title={Home Remedies for Multiple Personality Disorders},
  author={Jekyll, Henry},
  year={1885},
  URL={https://alongsite.com/HOO.pdfLINK:arXiv;https://alongsite.com/BOO.pdfLINK:NBER;/assets/files/paper.pdfLINK:PDF}
}
