@inproceedings{Marlow:2014:NFA:2628136.2628144,
 author = {Marlow, Simon and Brandy, Louis and Coens, Jonathan and Purdy, Jon},
 title = {There is No Fork: An Abstraction for Efficient, Concurrent, and Concise Data Access},
 booktitle = {Proceedings of the 19th ACM SIGPLAN International Conference on Functional Programming},
 series = {ICFP '14},
 year = 2014,
 isbn = {978-1-4503-2873-9},
 location = {Gothenburg, Sweden},
 pages = {325--337},
 numpages = 13,
 url = {http://doi.acm.org/10.1145/2628136.2628144},
 doi = {10.1145/2628136.2628144},
 acmid = 2628144,
 publisher = {ACM},
 address = {New York, NY, USA},
 keywords = {applicative, concurrency, data-fetching, distributed, haskell, monad},
} 

@phdthesis{nott10779,
           month = {July},
           title = {A functional specification of effects},
          school = {University of Nottingham},
          author = {Wouter Swierstra},
            year = 2009,
        keywords = {functional programming, effects, haskell, type theory},
             url = {http://eprints.nottingham.ac.uk/10779/},
}

@inproceedings{DBLP:journals/corr/abs-1202-2922,
  author    = {Maciej Pir{\'{o}}g and
               Jeremy Gibbons},
  title     = {Tracing monadic computations and representing effects},
  booktitle = {Proceedings Fourth Workshop on Mathematically Structured Functional
               Programming, {MSFP} 2012, Tallinn, Estonia, 25 March 2012.},
  pages     = {90--111},
  year      = 2012,
  crossref  = {DBLP:journals/corr/abs-1202-2407},
  url       = {http://dx.doi.org/10.4204/EPTCS.76.8},
  doi       = {10.4204/EPTCS.76.8},
  timestamp = {Mon, 28 Oct 2013 16:56:55 +0100},
  biburl    = {http://dblp.uni-trier.de/rec/bib/journals/corr/abs-1202-2922},
  bibsource = {dblp computer science bibliography, http://dblp.org}
}

@incollection{Abadi2014,
year=2014,
isbn={978-3-319-05118-5},
booktitle={Trustworthy Global Computing},
volume=8358,
series={Lecture Notes in Computer Science},
editor={Abadi, Mart\'{i}≠n and Lluch Lafuente, Alberto},
doi={10.1007/978-3-319-05119-2_12},
title={A Library for Removing Cache-Based Attacks in Concurrent Information Flow Systems},
url={http://dx.doi.org/10.1007/978-3-319-05119-2_12},
publisher={Springer International Publishing},
author={Buiras, Pablo and Levy, Amit and Stefan, Deian and Russo, Alejandro and Mazi√®res, David},
pages={199-216},
language={English}
}

@mastersthesis{Pallari2015,
year=2015,
author={Pallari,Jaakko},
title={Multithread concurrency in a single thread environment},
school={University of Jyv\"{a}skyl\"{a}}
}

@inproceedings{Swierstra:2007:BB:1291201.1291206,
 author = {Swierstra, Wouter and Altenkirch, Thorsten},
 title = {Beauty in the Beast},
 booktitle = {Proceedings of the ACM SIGPLAN Workshop on Haskell Workshop},
 series = {Haskell '07},
 year = 2007,
 isbn = {978-1-59593-674-5},
 location = {Freiburg, Germany},
 pages = {25--36},
 numpages = 12,
 url = {http://doi.acm.org/10.1145/1291201.1291206},
 doi = {10.1145/1291201.1291206},
 acmid = 1291206,
 publisher = {ACM},
 address = {New York, NY, USA},
} 

@incollection{Maier2012,
year=2012,
isbn={978-3-642-34406-0},
booktitle={Implementation and Application of Functional Languages},
volume=7257,
series={Lecture Notes in Computer Science},
editor={Gill, Andy and Hage, Jurriaan},
doi={10.1007/978-3-642-34407-7_3},
title={Implementing a High-Level Distributed-Memory Parallel Haskell in Haskell},
url={http://dx.doi.org/10.1007/978-3-642-34407-7_3},
publisher={Springer Berlin Heidelberg},
author={Maier, Patrick and Trinder, Phil},
pages={35-50},
language={English}
}

@incollection{Kiselyov2012,
year=2012,
isbn={978-3-642-29821-9},
booktitle={Functional and Logic Programming},
volume=7294,
series={Lecture Notes in Computer Science},
editor={Schrijvers, Tom and Thiemann, Peter},
doi={10.1007/978-3-642-29822-6_15},
title={Iteratees},
url={http://dx.doi.org/10.1007/978-3-642-29822-6_15},
publisher={Springer Berlin Heidelberg},
author={Kiselyov, Oleg},
pages={166-181},
language={English}
}

@article{Goncharov2013204,
title = "A coinductive calculus for asynchronous side-effecting processes ",
journal = "Information and Computation ",
volume = 231,
pages = "204 - 232",
year = 2013,
note = "Fundamentals of Computation Theory ",
issn = "0890-5401",
doi = "http://dx.doi.org/10.1016/j.ic.2013.08.012",
url = "http://www.sciencedirect.com/science/article/pii/S0890540113000898",
author = "Sergey Goncharov and Lutz Schroeder",
keywords = "Corecursive scheme",
keywords = "Computational monad",
keywords = "Process algebra",
keywords = "Coinduction",
keywords = "Computational meta-language "
}

@article{Thiry20091125,
title = "Functional metamodels for systems and software ",
journal = "Journal of Systems and Software ",
volume = 82,
number = 7,
pages = "1125 - 1136",
year = 2009,
issn = "0164-1212",
doi = "http://dx.doi.org/10.1016/j.jss.2009.01.042",
url = "http://www.sciencedirect.com/science/article/pii/S0164121209000223",
author = "Laurent Thiry and Bernard Thirion",
keywords = "System modeling",
keywords = "Functional metamodeling",
keywords = "Model Driven Engineering (MDE) "
}

@INPROCEEDINGS{5970242, 
author={Goncharov, S. and Schroder, L.}, 
booktitle={Logic in Computer Science (LICS), 2011 26th Annual IEEE Symposium on}, 
title={Powermonads and Tensors of Unranked Effects}, 
year=2011, 
pages={227-236}, 
keywords={formal logic;functional programming;tensors;Lawvere theories;algebraic concepts;order-theoretic characterization;powermonads;programming languages;tensor;unranked effects;verification logics;Additives;Context;Encoding;Equations;Programming;Semantics;Tensile stress;conservativity;continuations;effects;monads;tensors;uniform}, 
doi={10.1109/LICS.2011.34}, 
ISSN={1043-6871}, 
month={June},
}

@INPROCEEDINGS{6571559, 
author={Goncharov, S. and Schroder, L.}, 
booktitle={Logic in Computer Science (LICS), 2013 28th Annual IEEE/ACM Symposium on}, 
title={A Relatively Complete Generic Hoare Logic for Order-Enriched Effects}, 
year=2013, 
pages={273-282}, 
keywords={category theory;programming language semantics;recursive functions;base category;complete generic Hoare logic;cpo structure;domain-theoretic setting;enriched categories;monadic program logics;monadic semantics;monadic side-effecting program;order-enriched effect;order-enriched monad;programming;recursive monadic program;truth-value object;weakest precondition;Algebra;Calculus;Context;Equations;Semantics;Standards;Topology;Hoare logic;computational effects;monads;strongest postconditions;weakest preconditions}, 
doi={10.1109/LICS.2013.33}, 
ISSN={1043-6871}, 
month={June},
}

@inproceedings{Uustalu2013,
   author = {{Uustalu}, T.},
    title = {Coinductive Big-Step Semantics for Concurrency},
    booktitle = {Programming Language Approaches to Concurrency- and Communication-cEntric Software (PLACeS'13)},
   series = {EPTCS},
   number = 137,
     year = 2013,
    month = dec,
    pages = 63--78
}

@article{Pirag2014273,
title = "The Coinductive Resumption Monad ",
journal = "Electronic Notes in Theoretical Computer Science ",
volume = 308,
pages = "273 - 288",
year = 2014,
note = "Proceedings of the 30th Conference on the Mathematical Foundations of Programming Semantics (MFPS XXX) ",
issn = "1571-0661",
doi = "http://dx.doi.org/10.1016/j.entcs.2014.10.015",
url = "http://www.sciencedirect.com/science/article/pii/S1571066114000826",
author = "Maciej Pir\'{o}g and Jeremy Gibbons",
keywords = "resumptions",
keywords = "completely iterative monads",
keywords = "coalgebra "
}

@article{Vasenin2013,
year=2013,
issn={0361-7688},
journal={Programming and Computer Software},
volume=39,
number=1,
doi={10.1134/S0361768813010076},
title={A model of dynamical concurrent program execution},
url={http://dx.doi.org/10.1134/S0361768813010076},
publisher={SP MAIK Nauka/Interperiodica},
author={Vasenin, V.A. and Krivchikov, M.A.},
pages={1-9},
language={English}
}

@inproceedings{Lochbihler2014,
year=2014,
title={Programming TLS in Isabelle/HOL},
author={Lochbihler, Andreas ans Z\"{u}st,Marc},
booktitle={Isabelle Workshop 2014},
month=july
}

@inproceedings{Mehnert2014,
year=2014,
title={Transport Layer Security purely in OCaml},
author={Mehnert,Hannes and Mer\v{s}inak, David Kaloper},
booktitle={OCaml 2014},
month=september
}